<?xml version = "1.0" encoding = "UTF-8"?><OAI-PMH xmlns="http://www.openarchives.org/OAI/2.0/" xmlns:xsi="http://www.w3.org/2001/XMLSchema-instance" xsi:schemaLocation="http://www.openarchives.org/OAI/2.0/ http://www.openarchives.org/OAI/2.0/OAI-PMH.xsd"><ListRecords><record><header><identifier>aleph-publish:019812585</identifier></header><metadata><record xmlns="http://www.ddb.de/professionell/mabxml/mabxml-1.xsd"><leader>00698nM2.01200024------h</leader><controlfield tag="LDR">00698nM2.01200024------h</controlfield><controlfield tag="FMT">MH</controlfield><datafield tag="001" ind1="-" ind2="1"><subfield code="a">HT017749938</subfield></datafield><datafield tag="002" ind1="a" ind2="1"><subfield code="a">20130826</subfield></datafield><datafield tag="020" ind1="b" ind2="1"><subfield code="a">BV020456830</subfield></datafield><datafield tag="025" ind1="o" ind2="1"><subfield code="a">162593822</subfield></datafield><datafield tag="026" ind1="g" ind2="1"><subfield code="a">159513057</subfield></datafield><datafield tag="026" ind1="-" ind2="1"><subfield code="a">HBZHT017749938</subfield></datafield><controlfield tag="030">a|1uc||||||17</controlfield><datafield tag="036" ind1="a" ind2="1"><subfield code="a">DXDE</subfield></datafield><datafield tag="037" ind1="b" ind2="1"><subfield code="a">ger</subfield></datafield><controlfield tag="050">||||||||g|||||</controlfield><controlfield tag="051">m|||||||</controlfield><datafield tag="070" ind1="-" ind2="1"><subfield code="a">929</subfield></datafield><datafield tag="080" ind1="-" ind2="1"><subfield code="a">60</subfield></datafield><datafield tag="100" ind1="-" ind2="1"><subfield code="p">Leyser, Johann Jakob</subfield><subfield code="d">1799-1867</subfield><subfield code="9">(DE-588)1034937715</subfield></datafield><datafield tag="331" ind1="-" ind2="1"><subfield code="a">Zur Geschichte und Kunde des ehemaligen Nahe-Gaues</subfield></datafield><datafield tag="334" ind1="-" ind2="1"><subfield code="a">Elektronische Ressource</subfield></datafield><datafield tag="359" ind1="-" ind2="1"><subfield code="a">von Auctionsverwalter Leyser in Oberstein</subfield></datafield><datafield tag="410" ind1="-" ind2="1"><subfield code="a">Birkenfeld</subfield></datafield><datafield tag="412" ind1="-" ind2="1"><subfield code="a">Kittsteiner</subfield></datafield><datafield tag="425" ind1="-" ind2="1"><subfield code="a">1853</subfield></datafield><datafield tag="425" ind1="a" ind2="1"><subfield code="a">1853</subfield></datafield><datafield tag="433" ind1="-" ind2="1"><subfield code="a">IV, 166 S., 1 Taf. 8&quot;</subfield></datafield><datafield tag="501" ind1="-" ind2="1"><subfield code="a">In Fraktur</subfield></datafield><datafield tag="583" ind1="-" ind2="1"><subfield code="a">Archivierung/Langzeitarchivierung gewährleistet</subfield><subfield code="f">PERP</subfield><subfield code="5">DE-929</subfield></datafield><datafield tag="655" ind1="e" ind2="1"><subfield code="u">http://www.mdz-nbn-resolving.de/urn/resolver.pl?urn=urn:nbn:de:bvb:12-bsb10020200-9</subfield><subfield code="x">Resolving-System</subfield><subfield code="z">kostenfrei</subfield><subfield code="3">Volltext // 2013 digitalisiert von: Bayerische Staatsbibliothek, München. Exemplar mit der Signatur: München, Bayerische Staatsbibliothek -- Germ.sp. 281 d</subfield></datafield><datafield tag="700" ind1="l" ind2="1"><subfield code="a">130</subfield></datafield><datafield tag="700" ind1="l" ind2="1"><subfield code="a">140</subfield></datafield><datafield tag="700" ind1="l" ind2="1"><subfield code="a">330</subfield></datafield><datafield tag="902" ind1="-" ind2="1"><subfield code="g">Nahegau</subfield><subfield code="9">(DE-588)4580132-0</subfield></datafield><datafield tag="902" ind1="-" ind2="1"><subfield code="z">Geschichte</subfield></datafield><controlfield tag="SYS">019812585</controlfield><datafield tag="LOW" ind1="-" ind2="1"><subfield code="a">R0001</subfield></datafield><datafield tag="088" ind1=" " ind2=" "><subfield code="a">929</subfield></datafield></record></metadata></record></ListRecords></OAI-PMH>